@online{gnu_lib_c,
  author      = {
                 Loosemore, Sandra and
                 Stallman, Richard M. and
                 McGrath, Roland and
                 Oram, Andrew and 
                 Drepper, Ulrich
                 },
  title       = {{The {GNU C} Library Reference Manual}},
  year        = {2023},
  url         = {https://www.gnu.org/s/libc/manual/pdf/libc.pdf},
  lastvisited = {2023-04-07}
}

@inproceedings{PLG-22-SensorsSP,
  author    = {
               Pensec, William and
               Lap\^{o}tre, Vianney and
               Gogniat, Guy
               },
  title     = {{Another Break in the Wall: Harnessing Fault Injection Attacks to Penetrate Software Fortresses}},
  year      = {2023},
  publisher = {Association for Computing Machinery},
  booktitle = {Proceedings of the First International Workshop on Security and Privacy of Sensing Systems},
  pages     = {8–14},
  numpages  = {7},
  keywords  = {fault injections attacks, DIFT, RISC-V, hardware security},
  location  = {Istanbul, Turkiye},
  series    = {SensorsS\&P},
  doi       = {10.1145/3628356.3630116}
}

@inproceedings{PDGLC-18-hpec,
  author    = {
               Palmiero, Christian and 
               Di Guglielmo, Giuseppe and 
               Lavagno, Luciano and 
               Carloni, Luca P.
               },
  title     = {{Design and Implementation of a Dynamic Information Flow Tracking Architecture to Secure a {RISC-V} Core for {IoT} Applications}},
  booktitle = {High Performance Extreme Computing},
  year      = {2018},
  doi       = {10.1109/HPEC.2018.8547578}
}

@article{BSSMG-21-tchess, 
    author={
        Richter-Brockmann, Jan and 
        Rezaei Shahmirzadi, Aein and 
        Sasdrich, Pascal and 
        Moradi, Amir and
        Güneysu, Tim
    },
    title={{FIVER – Robust Verification of Countermeasures against Fault Injections}},
    journal={{IACR Transactions on Cryptographic Hardware and Embedded Systems}},
    year={2021}, 
    doi={10.46586/tches.v2021.i4.447-473}
}

@ARTICLE{BCNTW-06-procieee,
    author={
        Bar-El, H. and
        Choukri, H. and
        Naccache, D. and
        Tunstall, M. and
        Whelan, C.
    },
    title={{The Sorcerer's Apprentice Guide to Fault Attacks}}, 
    journal={{Proceedings of the IEEE}}, 
    year={2006},
    doi={10.1109/JPROC.2005.862424}
}

@INPROCEEDINGS{NNHRS-14-dsd,
    author={
        Nyberg, Ralph and
        Nolles, Jürgen and
        Heyszl, Johann and
        Rabe, Dirk and
        Sigl, Georg
    },
    title={{Closing the Gap between Speed and Configurability of Multi-bit Fault Emulation Environments for Security and Safety-Critical Designs}}, 
    booktitle={{17th Euromicro Conference on Digital System Design}},
    year={2014},
    doi={10.1109/DSD.2014.39}
}

@article{CMLCVR-11-crypto,
    author={
        Canivet, Gaetan and
        Maistri, Paolo and
        Leveugle, R{\'e}gis and
        Cl{\'e}di{\`e}re, Jessy and
        Valette, Florent and
        Renaudin, Marc
    },
    title={{Glitch and laser fault attacks onto a secure AES implementation on a SRAM-based FPGA}},
    journal={Journal of cryptology},
    year={2011},
    doi={10.1007/s00145-010-9083-9}
}

@INPROCEEDINGS{GBD-23-paine,
    author={
        Grandamme, Paul and
        Bossuet, Lilian and
        Dutertre, Jean-Max
    },
    title={{X-Ray Fault Injection in Non-Volatile Memories on Power OFF Devices}},
    booktitle={2023 IEEE Physical Assurance and Inspection of Electronics (PAINE)},
    year={2023},
    doi={10.1109/PAINE58317.2023.10318018}
}

@InProceedings{CGVCBLC-22-cardis,
    author={
        Colombier, Brice and
        Grandamme, Paul and
        Vernay, Julien and
        Chanavat, {\'E}milie and
        Bossuet, Lilian and
        de Laulani{\'e}, Lucie and
        Chassagne, Bruno
    },
    editor={
        Grosso, Vincent and
        P{\"o}ppelmann, Thomas
    },
    title={{Multi-Spot Laser Fault Injection Setup: New Possibilities for Fault Injection Attacks}},
    booktitle={{Smart Card Research and Advanced Applications}},
    year={2022},
    doi={10.1007/978-3-030-97348-3_9}
}

@article{BFP-19-tches,
    author={
        Bozzato, Claudio and
        Focardi, Riccardo and
        Palmarini, Francesco
    },
    title={{Shaping the Glitch: Optimizing Voltage Fault Injection Attacks}},
    journal={{IACR Transactions on Cryptographic Hardware and Embedded Systems}},
    year={2019},
    doi={10.13154/tches.v2019.i2.199-224}
}

@INPROCEEDINGS{PTAB-14-dsn,
    author={
        Parasyris, Konstantinos and
        Tziantzoulis, Georgios and
        Antonopoulos, Christos D. and
        Bellas, Nikolaos
    },
    title={{GemFI: A Fault Injection Tool for Studying the Behavior of Applications on Unreliable Substrates}},
    booktitle={{44th Annual IEEE/IFIP International Conference on Dependable Systems and Networks}},
    year={2014},
    doi={10.1109/DSN.2014.96}
}

@misc{fisim,
    author={Riscure},
    title={{FiSim: An open-source deterministic Fault Attack Simulator Prototype}},
    url={https://github.com/Riscure/FiSim}
}

@misc{fissa,
    author={Pensec, William},
    title={{FISSA: Fault Injection Simulation for Security Assessment}},
    url={https://github.com/WilliamPsc/FISSA}
}

@InProceedings{AB-23-acns,
    author={
        Adhikary, Asmita and
        Buhan, Ileana
    },
    title={{SoK: Assisted Fault Simulation}},
    booktitle={{Applied Cryptography and Network Security Workshops}},
    year={2023},
    publisher={Springer Nature Switzerland},
    doi={10.1007/978-3-031-41181-6_10}
}

@inproceedings{BBCFGS-19-esorics,
    author = {
        Barthe, Gilles and
        Belaïd, Sonia and
        Cassiers, Ga\"{e}tan and
        Fouque, Pierre-Alain and 
        Gr\'{e}goire, Benjamin and
        Standaert, Francois-Xavier
    },
    title = {{maskVerif: Automated Verification of Higher-Order Masking in Presence of Physical Defaults}},
    booktitle = {{Computer Security – ESORICS 2019: 24th European Symposium on Research in Computer Security, Proceedings, Part I}},
    year = {2019},
    doi = {10.1007/978-3-030-29959-0_15}
}

@INPROCEEDINGS{ANR-18-ices,
    author={
        Arribas, Victor and
        Nikova, Svetla and
        Rijmen, Vincent
    },
    title={{VerMI: Verification Tool for Masked Implementations}}, 
    booktitle={{25th IEEE International Conference on Electronics, Circuits and Systems (ICECS)}}, 
    year={2018},
    doi={10.1109/ICECS.2018.8617841}
}

@INPROCEEDINGS{HGASO-21-fdtc,
    author={
        Hauschild, Florian and
        Garb, Kathrin and
        Auer, Lukas and
        Selmke, Bodo and
        Obermaier, Johannes
    },
    title={{ARCHIE: A QEMU-Based Framework for Architecture-Independent Evaluation of Faults}},
    booktitle={{Workshop on Fault Detection and Tolerance in Cryptography (FDTC)}},
    year={2021},
    doi={10.1109/FDTC53659.2021.00013}
}

@ARTICLE{BLK-23-access,
    author={
        Bekele, Yohannes B. and
        Limbrick, Daniel B. and
        Kelly, John C.
    },
    title={{A Survey of QEMU-Based Fault Injection Tools \& Techniques for Emulating Physical Faults}},
    journal={{IEEE Access}},
    year={2023},
    doi={10.1109/ACCESS.2023.3287503}
}

@article{SVPMRDKMS-24-eprint,
    author ={
        Simon Tollec and
        Vedad Hadžić and
        Pascal Nasahl and
        Mihail Asavoae and
        Roderick Bloem and
        Damien Couroussé and
        Karine Heydemann and
        Mathieu Jan and
        Stefan Mangard
    },
    title = {Fault-Resistant Partitioning of Secure CPUs for System Co-Verification against Faults},
    howpublished = {Cryptology ePrint Archive, Paper 2024/247},
    year = {2024},
    url = {https://eprint.iacr.org/2024/247}
}

@article{seaborn,
    author = {Michael L. Waskom},
    title = {{Seaborn: statistical data visualization}},
    journal = {{Journal of Open Source Software}},
    year = {2021},
    doi = {10.21105/joss.03021}
 }

@Article{matplotlib,
  Author    = {Hunter, J. D.},
  Title     = {{Matplotlib: A 2D graphics environment}},
  Journal   = {{Computing in Science \& Engineering}},
  publisher = {IEEE COMPUTER SOC},
  year      = 2007,
  doi       = {10.5281/zenodo.7697899}
}

@misc{modelsim-force,
    author={Microsemi},
    title={{Modelsim reference manual 10.4c}},
    pages={170},
    url={https://www.microsemi.com/document-portal/doc_view/136364-modelsim-me-10-4c-command-reference-manual-for-libero-soc-v11-7}
}

@misc{vivado-force,
    author={Xilinx},
    title={{Vivado reference manual 2023.2}},
    url={https://docs.xilinx.com/r/en-US/ug835-vivado-tcl-commands/add_force}
}

@INPROCEEDINGS{AWMN-20-host,
    author={
        Arribas, Victor and
        Wegener, Felix and
        Moradi, Amir and
        Nikova, Svetla
    },
    title={{Cryptographic Fault Diagnosis using VerFI}},
    booktitle={{IEEE International Symposium on Hardware Oriented Security and Trust (HOST)}},
    year={2020},
    doi={10.1109/HOST45689.2020.9300264}
}

@inproceedings{SMG-16-crypto,
    author={
        Schneider, Tobias and
        Moradi, Amir and
        G{\"u}neysu, Tim
    },
    title={{ParTI--towards combined hardware countermeasures against side-channel and fault-injection attacks}},
    booktitle={{Advances in Cryptology--CRYPTO: 36th Annual International Cryptology Conference, Proceedings, Part II 36}},
    year={2016},
    doi={10.1007/978-3-662-53008-5_11}
}

@misc{questasim,
    author={Siemens},
    title={{QuestaSim}},
    url={https://eda.sw.siemens.com/en-US/ic/questa/simulation/advanced-simulator/}
}

@misc{vivado,
    author={Xilinx},
    title={{Vivado Design Suite}},
    url={https://www.xilinx.com/products/design-tools/vivado.html}
}

@misc{verilator,
    author={Verilator},
    title={{Verilator}},
    url={https://github.com/verilator/verilator}
}